<record><leader>00000cas a22000007a 4500</leader><controlfield tag="001">12765808</controlfield><controlfield tag="008">851106d19801982wiuwr ne      0    0eng d</controlfield><datafield ind1=" " ind2=" " tag="010"><subfield code="a">sn 85041421 </subfield></datafield><datafield ind1=" " ind2=" " tag="040"><subfield code="a">NPV</subfield><subfield code="b">eng</subfield><subfield code="c">NPV</subfield><subfield code="d">OCLCQ</subfield></datafield><datafield ind1=" " ind2=" " tag="042"><subfield code="a">msc</subfield></datafield><datafield ind1=" " ind2=" " tag="045"><subfield code="a">x8x8</subfield></datafield><datafield ind1=" " ind2=" " tag="052"><subfield code="a">4123</subfield><subfield code="b">R2</subfield></datafield><datafield ind1="0" ind2=" " tag="130"><subfield code="a">Pictorial (Oak Creek, Wis. : 1980 : Caledonia ed.)</subfield></datafield><datafield ind1="1" ind2="0" tag="245"><subfield code="a">Pictorial.</subfield></datafield><datafield ind1=" " ind2=" " tag="250"><subfield code="a">Caledonia ed.</subfield></datafield><datafield ind1=" " ind2=" " tag="260"><subfield code="a">Oak Creek, Wis. :</subfield><subfield code="b">Community Newspapers,</subfield><subfield code="c">1980-1982.</subfield></datafield><datafield ind1=" " ind2=" " tag="300"><subfield code="a">v. :</subfield><subfield code="b">ill.</subfield></datafield><datafield ind1=" " ind2=" " tag="310"><subfield code="a">Weekly</subfield></datafield><datafield ind1="0" ind2=" " tag="362"><subfield code="a">Vol. 24, no. 47 (Nov. 20, 1980)-v. 26, no. 10 (Mar. 11, 1982).</subfield></datafield><datafield ind1=" " ind2=" " tag="500"><subfield code="a">Editor: M. Stover, Nov. 20, 1980-March 11, 1982.</subfield></datafield><datafield ind1=" " ind2=" " tag="530"><subfield code="a">Available on microfilm from The State Historical Society of Wisconsin.</subfield></datafield><datafield ind1=" " ind2=" " tag="752"><subfield code="a">United States</subfield><subfield code="b">Wisconsin</subfield><subfield code="c">Racine</subfield><subfield code="d">Caledonia.</subfield></datafield><datafield ind1=" " ind2=" " tag="752"><subfield code="a">United States</subfield><subfield code="b">Wisconsin</subfield><subfield code="c">Racine</subfield><subfield code="d">Oak Creek.</subfield></datafield><datafield ind1="0" ind2="0" tag="780"><subfield code="t">Pictorial (Oak Creek, Wis. : 1980)</subfield><subfield code="w">(DLC)sn 85041422</subfield></datafield><datafield ind1="1" ind2=" " tag="029"><subfield code="a">AU@</subfield><subfield code="b">000025815288</subfield></datafield></record>